
@inproceedings{girshick2014rich,
  title     = {Rich feature hierarchies for accurate object detection and semantic segmentation},
  author    = {Girshick, Ross and Donahue, Jeff and Darrell, Trevor and Malik, Jitendra},
  booktitle = {Proceedings of the IEEE conference on computer vision and pattern recognition},
  pages     = {580--587},
  year      = {2014}
}

@inproceedings{girshick2015fast,
  title     = {Fast r-cnn},
  author    = {Girshick, Ross},
  booktitle = {Proceedings of the IEEE international conference on computer vision},
  pages     = {1440--1448},
  year      = {2015}
}

@inproceedings{redmon2016you,
  title     = {You only look once: Unified, real-time object detection},
  author    = {Redmon, Joseph and Divvala, Santosh and Girshick, Ross and Farhadi, Ali},
  booktitle = {Proceedings of the IEEE conference on computer vision and pattern recognition},
  pages     = {779--788},
  year      = {2016}
}

@inproceedings{wang2016image,
  title        = {Image captioning with deep bidirectional LSTMs},
  author       = {Wang, Cheng and Yang, Haojin and Bartz, Christian and Meinel, Christoph},
  booktitle    = {Proceedings of the 24th ACM international conference on Multimedia},
  pages        = {988--997},
  year         = {2016},
  organization = {ACM}
}

@article{Kafle:2017dy,
  author  = {Kafle, Kushal and Kanan, Christopher},
  title   = {{Visual question answering: Datasets, algorithms, and future challenges}},
  journal = {Computer Vision and Image Understanding},
  year    = {2017},
  volume  = {163},
  pages   = {3--20},
  month   = oct
}

@inproceedings{hu2016natural,
  title     = {Natural language object retrieval},
  author    = {Hu, Ronghang and Xu, Huazhe and Rohrbach, Marcus and Feng, Jiashi and Saenko, Kate and Darrell, Trevor},
  booktitle = {Proceedings of the IEEE Conference on Computer Vision and Pattern Recognition},
  pages     = {4555--4564},
  year      = {2016}
}


@article{Chen:2018ww,
  author  = {Chen, Howard and Suhr, Alane and Misra, Dipendra Kumar and Snavely, Noah and Artzi, Yoav},
  title   = {{Touchdown - Natural Language Navigation and Spatial Reasoning in Visual Street Environments.}},
  journal = {Published in CVPR 2019},
  year    = {2019},
  volume  = {cs.CV}
}

@article{hochreiter1997long,
  title     = {Long short-term memory},
  author    = {Hochreiter, Sepp and Schmidhuber, J{\"u}rgen},
  journal   = {Neural computation},
  volume    = {9},
  number    = {8},
  pages     = {1735--1780},
  year      = {1997},
  publisher = {MIT Press}
}

@article{rumelhart1988learning,
  title   = {Learning representations by back-propagating errors},
  author  = {Rumelhart, David E and Hinton, Geoffrey E and Williams, Ronald J and others},
  journal = {Cognitive modeling},
  volume  = {5},
  number  = {3},
  pages   = {1}
}

@article{LeCun:1999dq,
  author  = {LeCun, Yann and Haffner, Patrick and Bottou, L{\'e}on and Bengio, Yoshua},
  title   = {{Object Recognition with Gradient-Based Learning.}},
  journal = {Shape, Contour and Grouping in Computer Vision},
  year    = {1999},
  volume  = {1681},
  number  = {3},
  pages   = {319--345}
}

@inproceedings{he2016deep,
  title     = {Deep residual learning for image recognition},
  author    = {He, Kaiming and Zhang, Xiangyu and Ren, Shaoqing and Sun, Jian},
  booktitle = {Proceedings of the IEEE conference on computer vision and pattern recognition},
  pages     = {770--778},
  year      = {2016}
}

@inproceedings{karpathy2015deep,
  title     = {Deep visual-semantic alignments for generating image descriptions},
  author    = {Karpathy, Andrej and Fei-Fei, Li},
  booktitle = {Proceedings of the IEEE conference on computer vision and pattern recognition},
  pages     = {3128--3137},
  year      = {2015}
}


@inproceedings{lazaridou2015combining,
  title     = {Combining Language and Vision with a Multimodal Skip-gram Model},
  author    = {Lazaridou, Angeliki and Baroni, Marco and others},
  booktitle = {Proceedings of the 2015 Conference of the North American Chapter of the Association for Computational Linguistics: Human Language Technologies},
  pages     = {153--163},
  year      = {2015}
}

@inproceedings{mikolov2013distributed,
  title     = {Distributed representations of words and phrases and their compositionality},
  author    = {Mikolov, Tomas and Sutskever, Ilya and Chen, Kai and Corrado, Greg S and Dean, Jeff},
  booktitle = {Advances in neural information processing systems},
  pages     = {3111--3119},
  year      = {2013}
}

@inproceedings{Guadarrama14:OOR,
  author    = {Sergio Guadarrama and Erik Rodner and Kate Saenko and Ning Zhang and Ryan Farrell and Jeff Donahue and Trevor Darrell},
  booktitle = {Robotics Science and Systems (RSS)},
  title     = {Open-vocabulary Object Retrieval},
  year      = {2014}
}



@inproceedings{goyal2017making,
  title     = {Making the V in VQA matter: Elevating the role of image understanding in Visual Question Answering},
  author    = {Goyal, Yash and Khot, Tejas and Summers-Stay, Douglas and Batra, Dhruv and Parikh, Devi},
  booktitle = {Proceedings of the IEEE Conference on Computer Vision and Pattern Recognition},
  pages     = {6904--6913},
  year      = {2017}
}


@inproceedings{ren2015faster,
  title     = {Faster r-cnn: Towards real-time object detection with region proposal networks},
  author    = {Ren, Shaoqing and He, Kaiming and Girshick, Ross and Sun, Jian},
  booktitle = {Advances in neural information processing systems},
  pages     = {91--99},
  year      = {2015}
}


@article{Shelhamer:2017bc,
  author  = {Shelhamer, Evan and Long, Jonathan and Darrell, Trevor},
  title   = {{Fully Convolutional Networks for Semantic Segmentation}},
  journal = {IEEE Transactions on Pattern Analysis and Machine Intelligence},
  year    = {2017},
  volume  = {39},
  number  = {4},
  pages   = {640--651},
  month   = feb
}

@article{Simonyan:2015ws,
  author  = {Simonyan, Karen and Zisserman, Andrew},
  title   = {{Very Deep Convolutional Networks for Large-Scale Image Recognition.}},
  journal = {ICLR},
  year    = {2015}
}

@incollection{Ronneberger:2015gk,
  author    = {Ronneberger, Olaf and Fischer, Philipp and Brox, Thomas},
  title     = {{U-Net: Convolutional Networks for Biomedical Image Segmentation}},
  booktitle = {Medical Image Computing and Computer-Assisted Intervention {\textendash} MICCAI 2015},
  year      = {2015},
  pages     = {234--241},
  publisher = {Springer International Publishing},
  address   = {Cham},
  month     = nov
}

@article{chen2018deeplab,
  title     = {Deeplab: Semantic image segmentation with deep convolutional nets, atrous convolution, and fully connected crfs},
  author    = {Chen, Liang-Chieh and Papandreou, George and Kokkinos, Iasonas and Murphy, Kevin and Yuille, Alan L},
  journal   = {IEEE transactions on pattern analysis and machine intelligence},
  volume    = {40},
  number    = {4},
  pages     = {834--848},
  year      = {2018},
  publisher = {IEEE}
}

@inproceedings{ben2017mutan,
  title     = {Mutan: Multimodal tucker fusion for visual question answering},
  author    = {Ben-Younes, Hedi and Cadene, R{\'e}mi and Cord, Matthieu and Thome, Nicolas},
  booktitle = {Proceedings of the IEEE international conference on computer vision},
  pages     = {2612--2620},
  year      = {2017}
}

@inproceedings{graves2013speech,
  title        = {Speech recognition with deep recurrent neural networks},
  author       = {Graves, Alex and Mohamed, Abdel-rahman and Hinton, Geoffrey},
  booktitle    = {2013 IEEE international conference on acoustics, speech and signal processing},
  pages        = {6645--6649},
  year         = {2013},
  organization = {IEEE}
}

@article{hull1994database,
  title     = {A database for handwritten text recognition research},
  author    = {Hull, Jonathan J.},
  journal   = {IEEE Transactions on pattern analysis and machine intelligence},
  volume    = {16},
  number    = {5},
  pages     = {550--554},
  year      = {1994},
  publisher = {IEEE}
}


@inproceedings{Kraska:2017vh,
  title     = {The case for learned index structures},
  author    = {Kraska, Tim and Beutel, Alex and Chi, Ed H and Dean, Jeffrey and Polyzotis, Neoklis},
  booktitle = {Proceedings of the 2018 International Conference on Management of Data},
  pages     = {489--504},
  year      = {2018}
}

@article{Gaede:1998fp,
  title     = {Multidimensional access methods},
  author    = {Gaede, Volker and G{\"u}nther, Oliver},
  journal   = {ACM Computing Surveys (CSUR)},
  volume    = {30},
  number    = {2},
  pages     = {170--231},
  year      = {1998},
  publisher = {ACM New York, NY, USA}
}

@inproceedings{Wang:2019ks,
  title        = {Learned index for spatial queries},
  author       = {Wang, Haixin and Fu, Xiaoyi and Xu, Jianliang and Lu, Hua},
  booktitle    = {2019 20th IEEE International Conference on Mobile Data Management (MDM)},
  pages        = {569--574},
  year         = {2019},
  organization = {IEEE}
}

@inproceedings{Nathan:2019wc,
  title     = {Learning Multi-dimensional Indexes},
  author    = {Nathan, Vikram and Ding, Jialin and Alizadeh, Mohammad and Kraska, Tim},
  booktitle = {Proceedings of the 2020 ACM SIGMOD International Conference on Management of Data},
  pages     = {985--1000},
  year      = {2020}
}

@article{NievergeltJ:1984kc,
  title     = {The grid file: An adaptable, symmetric multikey file structure},
  author    = {Nievergelt, J{\"u}rg and Hinterberger, Hans and Sevcik, Kenneth C},
  journal   = {ACM Transactions on Database Systems (TODS)},
  volume    = {9},
  number    = {1},
  pages     = {38--71},
  year      = {1984},
  publisher = {ACM New York, NY, USA}
}

@incollection{Bayer:2002ds,
  title     = {Organization and maintenance of large ordered indexes},
  author    = {Bayer, Rudolf and McCreight, Edward},
  booktitle = {Software pioneers},
  pages     = {245--262},
  year      = {2002},
  publisher = {Springer}
}

@article{Bentley:1975gn,
  title     = {Multidimensional binary search trees used for associative searching},
  author    = {Bentley, Jon Louis},
  journal   = {Communications of the ACM},
  volume    = {18},
  number    = {9},
  pages     = {509--517},
  year      = {1975},
  publisher = {ACM New York, NY, USA}
}


@inproceedings{Fuchs:1980bj,
  title     = {On visible surface generation by a priori tree structures},
  author    = {Fuchs, Henry and Kedem, Zvi M and Naylor, Bruce F},
  booktitle = {Proceedings of the 7th annual conference on Computer graphics and interactive techniques},
  pages     = {124--133},
  year      = {1980}
}

@inproceedings{Guttman:1984ka,
  title     = {R-trees: A dynamic index structure for spatial searching},
  author    = {Guttman, Antonin},
  booktitle = {Proceedings of the 1984 ACM SIGMOD international conference on Management of data},
  pages     = {47--57},
  year      = {1984}
}

@inproceedings{Roussopoulos:1985iw,
  title     = {Direct spatial search on pictorial databases using packed R-trees},
  author    = {Roussopoulos, Nick and Leifker, Daniel},
  booktitle = {Proceedings of the 1985 ACM SIGMOD international conference on Management of data},
  pages     = {17--31},
  year      = {1985}
}

@article{Kamel:1994ux,
  author  = {Kamel, Ibrahim and Faloutsos, Christos},
  title   = {{Hilbert R-tree - An Improved R-tree using Fractals.}},
  journal = {VLDB},
  year    = {1994}
}

@inproceedings{Beckmann:1990ku,
  author    = {Beckmann, Norbert and Kriegel, Hans-Peter and Schneider, Ralf and Seeger, Bernhard},
  title     = {{The R*-tree: an efficient and robust access method for points and rectangles}},
  booktitle = {the 1990 ACM SIGMOD international conference},
  year      = {1990},
  pages     = {322--331},
  publisher = {ACM Press},
  address   = {New York, New York, USA}
}

@inproceedings{Ding:2020wo,
  title     = {ALEX: an updatable adaptive learned index},
  author    = {Ding, Jialin and Minhas, Umar Farooq and Yu, Jia and Wang, Chi and Do, Jaeyoung and Li, Yinan and Zhang, Hantian and Chandramouli, Badrish and Gehrke, Johannes and Kossmann, Donald and others},
  booktitle = {Proceedings of the 2020 ACM SIGMOD International Conference on Management of Data},
  pages     = {969--984},
  year      = {2020}
}

@article{Ferragina:ud,
  title     = {The PGM-index: a fully-dynamic compressed learned index with provable worst-case bounds},
  author    = {Ferragina, Paolo and Vinciguerra, Giorgio},
  journal   = {Proceedings of the VLDB Endowment},
  volume    = {13},
  number    = {8},
  pages     = {1162--1175},
  year      = {2020},
  publisher = {VLDB Endowment}
}

@inproceedings{Kriegel:vw,
  title        = {Multidimensional order preserving linear hashing with partial expansions},
  author       = {Kriegel, Hans-Peter and Seeger, Bernhard},
  booktitle    = {International Conference on Database Theory},
  pages        = {203--220},
  year         = {1986},
  organization = {Springer}
}

@article{Kipf:2020wr,
  author      = {Kipf, Andreas and Marcus, Ryan and van Renen, Alexander and Stoian, Mihail and Kemper, Alfons and Kraska, Tim and Neumann, Thomas},
  title       = {{RadixSpline: A Single-Pass Learned Index}},
  journal     = {arXiv.org},
  year        = {2020},
  eprint      = {2004.14541v2},
  eprinttype  = {arxiv},
  eprintclass = {cs.DB},
  month       = apr,
  annote      = {Third International Workshop on Exploiting Artificial Intelligence Techniques for Data Management (aiDM 2020)}
}

@inproceedings{Orenstein:1984jq,
  title     = {A class of data structures for associative searching},
  author    = {Orenstein, Jack A and Merrett, Tim H},
  booktitle = {Proceedings of the 3rd ACM SIGACT-SIGMOD symposium on Principles of database systems},
  pages     = {181--190},
  year      = {1984}
}

@inproceedings{Faloutsos:1991ue,
  title        = {DOT: A Spatial Access Method Using Fractals},
  author       = {Faloutsos, Christos and Rong, Yi},
  booktitle    = {Proceedings of the Seventh International Conference on Data Engineering},
  pages        = {152--159},
  year         = {1991},
  organization = {IEEE Computer Society}
}

@incollection{hilbert1935stetige,
  title     = {{\"U}ber die stetige Abbildung einer Linie auf ein Fl{\"a}chenst{\"u}ck},
  author    = {Hilbert, David},
  booktitle = {Dritter Band: Analysis{\textperiodcentered} Grundlagen der Mathematik{\textperiodcentered} Physik Verschiedenes},
  pages     = {1--2},
  year      = {1935},
  publisher = {Springer}
}

@article{Orenstein:1989wy,
  title     = {Redundancy in spatial databases},
  author    = {Orenstein, Jack A},
  journal   = {ACM SIGMOD Record},
  volume    = {18},
  number    = {2},
  pages     = {295--305},
  year      = {1989},
  publisher = {ACM New York, NY, USA}
}

@article{Bentley:1979te,
  title     = {Multidimensional binary search trees in database applications},
  author    = {Bentley, Jon Louis},
  journal   = {IEEE Transactions on Software Engineering},
  number    = {4},
  pages     = {333--340},
  year      = {1979},
  publisher = {IEEE}
}

@article{CSUR:tm,
  title     = {The quadtree and related hierarchical data structures},
  author    = {Samet, Hanan},
  journal   = {ACM Computing Surveys (CSUR)},
  volume    = {16},
  number    = {2},
  pages     = {187--260},
  year      = {1984},
  publisher = {ACM New York, NY, USA}
}

@article{Ding:2020we,
  title   = {Tsunami: A Learned Multi-dimensional Index for Correlated Data and Skewed Workloads},
  author  = {Ding, Jialin and Nathan, Vikram and Alizadeh, Mohammad and Kraska, Tim},
  journal = {arXiv preprint arXiv:2006.13282},
  year    = {2020}
}

@article{Qi:2020uz,
  title     = {Effectively learning spatial indices},
  author    = {Qi, Jianzhong and Liu, Guanli and Jensen, Christian S and Kulik, Lars},
  journal   = {Proceedings of the VLDB Endowment},
  volume    = {13},
  number    = {12},
  pages     = {2341--2354},
  year      = {2020},
  publisher = {VLDB Endowment}
}

@inproceedings{Robinson:1981id,
  title     = {The KDB-tree: a search structure for large multidimensional dynamic indexes},
  author    = {Robinson, John T},
  booktitle = {Proceedings of the 1981 ACM SIGMOD international conference on Management of data},
  pages     = {10--18},
  year      = {1981}
}


@inproceedings{Lomet:uf,
  title        = {A robust multi-attribute search structure},
  author       = {Lomet, David B and Salzberg, Betty},
  booktitle    = {Proceedings. Fifth International Conference on Data Engineering},
  pages        = {296--297},
  year         = {1989},
  organization = {IEEE Computer Society}
}


@misc{hashmap,
  title   = {java.util Class HashMap},
  url     = {https://docs.oracle.com/javase/6/docs/api/java/util/HashMap.html},
  journal = {HashMap (Java Platform SE 6)},
  year    = {2015},
  month   = {Nov}
}

@inproceedings{Kristo:2020it,
  title     = {The Case for a Learned Sorting Algorithm},
  author    = {Kristo, Ani and Vaidya, Kapil and {\c{C}}etintemel, Ugur and Misra, Sanchit and Kraska, Tim},
  booktitle = {Proceedings of the 2020 ACM SIGMOD International Conference on Management of Data},
  pages     = {1001--1016},
  year      = {2020}
}

@inproceedings{Galakatos:2019ke,
  title     = {Fiting-tree: A data-aware index structure},
  author    = {Galakatos, Alex and Markovitch, Michael and Binnig, Carsten and Fonseca, Rodrigo and Kraska, Tim},
  booktitle = {Proceedings of the 2019 International Conference on Management of Data},
  pages     = {1189--1206},
  year      = {2019}
}

@inproceedings{galakatos2019fiting,
  title     = {Fiting-tree: A data-aware index structure},
  author    = {Galakatos, Alex and Markovitch, Michael and Binnig, Carsten and Fonseca, Rodrigo and Kraska, Tim},
  booktitle = {Proceedings of the 2019 International Conference on Management of Data},
  pages     = {1189--1206},
  year      = {2019}
}

@misc{rtreeportal,
  title  = {The R-tree-portal},
  author = {Yannis Theodoridis},
  url    = {http://www.rtreeportal.org},
  year   = 2003
}

 @misc{OpenStreetMap,
  author       = {{OpenStreetMap contributors}},
  title        = {{Australia and Oceania retrieved from https://download.geofabrik.de/ }},
  howpublished = {\url{ https://www.openstreetmap.org }},
  year         = {2017}
}


@article{G2sets,
  author  = {P. Fr\"anti R. Mariescu-Istodor and C. Zhong},
  title   = {XNN graph},
  journal = {Joint Int. Workshop on Structural, Syntactic, and Statistical Pattern Recognition},
  year    = {2016},
  volume  = {LNCS 10029},
  pages   = {207--217}
}

@inproceedings{Yang:2020ev,
  title     = {Qd-tree: Learning Data Layouts for Big Data Analytics},
  author    = {Yang, Zongheng and Chandramouli, Badrish and Wang, Chi and Gehrke, Johannes and Li, Yinan and Minhas, Umar Farooq and Larson, Per-{\AA}ke and Kossmann, Donald and Acharya, Rajeev},
  booktitle = {Proceedings of the 2020 ACM SIGMOD International Conference on Management of Data},
  pages     = {193--208},
  year      = {2020}
}

@inproceedings{Li:2020ki,
  title     = {LISA: A Learned Index Structure for Spatial Data},
  author    = {Li, Pengfei and Lu, Hua and Zheng, Qian and Yang, Long and Pan, Gang},
  booktitle = {Proceedings of the 2020 ACM SIGMOD International Conference on Management of Data},
  pages     = {2119--2133},
  year      = {2020}
}

@misc{rtreecplus,
  title  = {Templated C++ version of R-Tree},
  author = {Greg Douglas},
  url    = {http://superliminal.com/sources/sources.htm},
  year   = 2004
}

@article{sosd,
  title   = {SOSD: A Benchmark for Learned Indexes},
  author  = {Kipf, Andreas and Marcus, Ryan and van Renen, Alexander and Stoian, Mihail and Kemper, Alfons and Kraska, Tim and Neumann, Thomas},
  journal = {NeurIPS Workshop on Machine Learning for Systems},
  year    = {2019}
}

@inproceedings{Davitkova:2020dx,
  title     = {The ML-Index: A Multidimensional, Learned Index for Point, Range, and Nearest-Neighbor Queries.},
  author    = {Davitkova, Angjela and Milchevski, Evica and Michel, Sebastian},
  booktitle = {EDBT},
  pages     = {407--410},
  year      = {2020}
}

@article{jagadish2005idistance,
  title     = {iDistance: An adaptive B+-tree based indexing method for nearest neighbor search},
  author    = {Jagadish, Hosagrahar V and Ooi, Beng Chin and Tan, Kian-Lee and Yu, Cui and Zhang, Rui},
  journal   = {ACM Transactions on Database Systems (TODS)},
  volume    = {30},
  number    = {2},
  pages     = {364--397},
  year      = {2005},
  publisher = {ACM New York, NY, USA}
}

@article{li2020polyfit,
  title   = {PolyFit: Polynomial-based Indexing Approach for Fast Approximate Range Aggregate Queries},
  author  = {Li, Zhe and Chan, Tsz Nam and Yiu, Man Lung and Jensen, Christian S},
  journal = {arXiv preprint arXiv:2003.08031},
  year    = {2020}
}


@article{gunther1990research,
  title     = {Research issues in spatial databases},
  author    = {G{\"u}nther, Oliver and Buchmann, A},
  journal   = {ACM Sigmod Record},
  volume    = {19},
  number    = {4},
  pages     = {61--68},
  year      = {1990},
  publisher = {ACM New York, NY, USA}
}

@book{ooi1990efficient,
  title     = {Efficient query processing in geographic information systems},
  author    = {Ooi, Beng Chin},
  volume    = {471},
  year      = {1990},
  publisher = {Springer Science \& Business Media}
}

@inproceedings{larson1980linear,
  title     = {Linear hashing with partial expansions},
  author    = {Larson, Per-{\AA}ke},
  booktitle = {VLDB},
  volume    = {6},
  pages     = {224--232},
  year      = {1980}
}

@article{fagin1979extendible,
  title     = {Extendible hashing—a fast access method for dynamic files},
  author    = {Fagin, Ronald and Nievergelt, Jurg and Pippenger, Nicholas and Strong, H Raymond},
  journal   = {ACM Transactions on Database Systems (TODS)},
  volume    = {4},
  number    = {3},
  pages     = {315--344},
  year      = {1979},
  publisher = {ACM New York, NY, USA}
}


@inproceedings{liu1994evaluation,
  title     = {An Evaluation of Access Methods for Spatial Networks},
  author    = {Liu, Duen-Ren and Shekhar, Shashi and Coyle, Mark},
  booktitle = {Proceedings of the Second ACM Workshop on Advances in Geographic Information Systems},
  pages     = {93--78},
  year      = {1994}
}

@inproceedings{borah2004improved,
  title        = {An improved sampling-based DBSCAN for large spatial databases},
  author       = {Borah, Bhogeswar and Bhattacharyya, Dhruba K},
  booktitle    = {International conference on intelligent sensing and information processing, 2004. proceedings of},
  pages        = {92--96},
  year         = {2004},
  organization = {IEEE}
}

@article{morton1966computer,
  title  = {A computer oriented geodetic data base and a new technique in file sequencing},
  author = {Morton, Guy M}
}

@article{adhikary1996knowledge,
  title     = {Knowledge Discovery in Spatial Databases-Progress and Challenges},
  author    = {Adhikary, Junas and Han, J and Koperski, K},
  journal   = {School of Computing Science, Simon Fraser University},
  year      = {1996},
  publisher = {Citeseer}
}

@article{mantel2004matching,
  title     = {Matching cartographic objects in spatial databases},
  author    = {Mantel, Daniela and Lipeck, Udo},
  journal   = {International Archives of the Photogrammetry, Remote Sensing and Spatial Information Sciences-ISPRS Archives 35 Part B4 (2004)},
  volume    = {35},
  pages     = {172--176},
  year      = {2004},
  publisher = {London: International Society for Photogrammetry and Remote Sensing}
}

@article{tagare1997medical,
  title     = {Medical image databases: A content-based retrieval approach},
  author    = {Tagare, Hemant D and Jaffe, C Carl and Duncan, James},
  journal   = {Journal of the American Medical Informatics Association},
  volume    = {4},
  number    = {3},
  pages     = {184--198},
  year      = {1997},
  publisher = {BMJ Group BMA House, Tavistock Square, London, WC1H 9JR}
}

@book{patterson2016computer,
  title     = {Computer Organization and Design ARM Edition: The Hardware Software Interface},
  author    = {Patterson, David A and Hennessy, John L},
  year      = {2016},
  publisher = {Morgan kaufmann}
}

@article{Folmer:vg,
  author  = {Folmer, M and Neumann, R and Karunanithi, T},
  title   = {{A Learned Bucket Index Supporting Spatial Queries}},
  journal = {projekter.aau.dk
}
}

